@phdthesis{cite:1,
	author = {Pavel Kousalík},
	title = {Inteligentní snímač pro on-line vyhodnocování kvality příze},
	type = {Dissertation},
	school = {Technická univerzita v Liberci},
	year = 2011,
	date = {2011},
	subtitle = {Inteligentní snímač pro on-line vyhodnocování kvality příze},
	location = {Liberec}
}


@book{cite:2,
	author = {John G. Proakis, Dimitris G. Manolakis},
	title = {Digital Signal Processing},
	date = {2007},
	year = 2007,
	subtitle = {Principles, Algorithms, and Applications},
	publisher = {Pearson Prentice Hall},
	location = {New Jersey},
	isbn = {0-13-187374-1},
}

@book{cite:3,
	author = {Dimitris G. Manolakis, Vinay K. Ingle},
	title = {Applied Digital Signal Processing},
	date = {date},
	year = 2011,
	publisher = {Cambridge University Press},
	location = {New York},
	isbn = {978-0-521-11002-0},
}
@book{cite:RT_DSP,
	author = {Sen M. Kuo, Bob H. Lee, Wenshun Tian},
	title = {Real-Time Digital Signal Processing},
	date = {date},
	year = 2013,
	publisher = {John Wiley and Sons, Ltd},
	isbn = {978-1-118-41432-3}
}
@book{cite:FoFF,
	author = {Andrzej Ziabicki},
	title = {Fundamentals of Fiber Formation},
	date = {date},
	year = 1976,
	mainsubtitle = {The Science of Fibre Spinning and Drawing},
	publisher = {John Wiley and Sons, Ltd.},
	location = {Bristol},
	isbn = {0-471-98220-2},
}
@book{cite:SAoS,
	author = {Petre Stoica, Randolph Moses},
	title = {Specral Analysis of Signals},
	date = {date},
	year = 2005,
	publisher = {Prentice Hall},
	location = {New Jersey},
	isbn = {0-13-113956-8},
}
@manual{cite:STM32_DSP_library,
	author = {STMicroelectronics},
	title = {STM32F10x
	DSP library},
	year = 2010,
	date = {date},
	subtitle = {UM0585
	User manual},
}
@book{cite:SE_for_ES,
	author = {Robert Oshana, Mark Kraeling},
	title = {Software Engineering for Embedded Systems},
	date = {date},
	year = 2013,
	publisher = {Elsevier},
	location = {Phoenix},
	isbn = {978-0-12-415917-4},
}
@book{cite:ARM-M3,
	author = {Joseph Yiu},
	title = {The definitive guide to the ARM cortex-M3},
	date = {date},
	year = 2010,
	publisher = {Newnes},
	location = {Amsterdam},
	isbn = {978-1-85617-963-8},
}

